

@Book{Lunze2014,
author="Lunze, Jan",
title="Regelungstechnik 2: Mehrgr{\"o}{\ss}ensysteme, Digitale Regelung",
year="2014",
publisher="Springer Berlin Heidelberg",
address="Berlin, Heidelberg",
pages="1--14",
isbn="978-3-642-53944-2",
doi="10.1007/978-3-642-53944-2_1",
url="https://doi.org/10.1007/978-3-642-53944-2_1"
}

@Book{Lunze2010,
author="Lunze, Jan",
title="Regelungstechnik 1: Systemtheoretische Grundlagen, Analyse und Entwurf einschleifiger Regelungen",
year="2010",
publisher="Springer Berlin Heidelberg",
address="Berlin, Heidelberg",
pages="1--18",
isbn="978-3-642-13808-9",
doi="10.1007/978-3-642-13808-9_1",
url="https://doi.org/10.1007/978-3-642-13808-9_1"
}



